@inproceedings{Mechtaev15,
  author    = {Sergey Mechtaev and Jooyong Yi and Abhik Roychoudhury},
  title     = {{DirectFix}: {Looking} for Simple Program Repairs},
  venue = {International Conference on Software Engineering}, 
  year      = {2015}
}

@inproceedings{Basili84,
  author    = {Basili, Victor R and Weiss, David M.},
  title     = {A Methodology for Collecting Valid Software Engineering Data},
  venue = {Software Engineering, IEEE Transactions}, 
  pages = {728â€“738},
  year      = {1984}
}

